00598cas a22002291a 4500
001 999337913502836
003 Nz
005 20160321142815.0
008 040115d18951940nz  r ne      0   0 eng  
035    $a (NLNZils)933791
035    $a (Nz)8188083
035    $a (NLNZils)933791-ilsdb
035    $a (OCoLC)173423922
040    $a NZNB $c NZNB
042    $a nznb
043    $a u-nz---
245 00 $a Wyndham herald.
260    $a [Wyndham, N.Z. : $b s.n., $c 1895-1940]
310    $a Semiweekly
362 0  $a 1895 Jul.1-1940 Nov.1
651  0 $a Wyndham (N.Z.) $v Newspapers.
655  7 $a New Zealand newspapers. $2 local $5 Nz
